@article{alger2013homo,
  title={Homo moralisâ€”preference evolution under incomplete information and assortative matching},
  author={Alger, Ingela and Weibull, J{\"o}rgen W},
  journal={Econometrica},
  volume={81},
  number={6},
  pages={2269--2302},
  year={2013},
  publisher={Wiley Online Library}
}